%!TEX root = main.tex
%% This BibTeX bibliography file was created using BibDesk.
%% http://bibdesk.sourceforge.net/


%% Created for Arielle Moro at 2013-12-23 10:26:50 +0100 


%% Saved with string encoding Unicode (UTF-8) 

@inproceedings{Zheng:2008:UMB:1409635.1409677,
 author = {Zheng, Yu and Li, Quannan and Chen, Yukun and Xie, Xing and Ma, Wei-Ying},
 title = {Understanding Mobility Based on GPS Data},
 series = {UbiComp '08},
 year = {2008},
 location = {Seoul, Korea},
 publisher = {ACM},
} 

@article {Song1018,
	author = {Song, Chaoming and Qu, Zehui and Blumm, Nicholas and Barab{\'a}si, Albert-L{\'a}szl{\'o}},
	title = {Limits of Predictability in Human Mobility},
	year = {2010},
	journal = {Science}
}

@INPROCEEDINGS{6076648, 
author={Shokri, R. and Papadimitratos, P. and Theodorakopoulos, G. and Hubaux, J.-P.}, 
booktitle={Mobile Adhoc and Sensor Systems (MASS), 2011 IEEE 8th International Conference on}, 
title={Collaborative Location Privacy}, 
year={2011}, 
}


@inproceedings{Shokri:2015:PDL:2810103.2813687,
 author = {Shokri, Reza and Shmatikov, Vitaly},
 title = {Privacy-Preserving Deep Learning},
 series = {CCS '15},
 year = {2015},
 location = {Denver, Colorado, USA},
} 

@inproceedings{Meyerowitz:2009:HSF:1614320.1614358,
 author = {Meyerowitz, Joseph and Roy Choudhury, Romit},
 title = {Hiding Stars with Fireworks: Location Privacy Through Camouflage},
 booktitle = {Proceedings of the 15th Annual International Conference on Mobile Computing and Networking},
 series = {MobiCom '09},
 year = {2009},
 isbn = {978-1-60558-702-8},
 location = {Beijing, China},
 pages = {345--356},
 numpages = {12},
 url = {http://doi.acm.org/10.1145/1614320.1614358},
 doi = {10.1145/1614320.1614358},
 acmid = {1614358},
 publisher = {ACM},
 address = {New York, NY, USA},
 keywords = {caching, camouflage, entropy, location privacy, location-based applications, mobility prediction, realtime},
} 


@inproceedings{conf/europar/PetzoldBTU06,
  author = {Petzold, Jan and Bagci, Faruk and Trumler, Wolfgang and Ungerer, Theo},
  booktitle = {Euro-Par},
  volume = 4128,
  year = 2006
}

@inproceedings{DBLP:conf/wowmom/BayirDE09,
  author    = {Murat Ali Bayir and
               Murat Demirbas and
               Nathan Eagle},
  title     = {Discovering spatiotemporal mobility profiles of cellphone users},
  booktitle = {WOWMOM 2009, Greece, June},
}

@INPROCEEDINGS{4511454, 
author={Y. Zheng and L. Wang and R. Zhang and X. Xie and W. Y. Ma}, 
booktitle={Mobile Data Management, 2008. MDM '08. 9th International Conference on}, 
title={GeoLife: Managing and Understanding Your Past Life over Maps},}